<?xml version="1.0" encoding="UTF-8"?><collection xmlns="http://www.loc.gov/MARC21/slim"><record><leader>00527nam--2200205-u-4500</leader><controlfield tag="001">000052521</controlfield><controlfield tag="002">20161230</controlfield><controlfield tag="005">20161230201050</controlfield><controlfield tag="008">100902s1000------------r-----000-0-rus-d</controlfield><datafield ind1=" " ind2=" " tag="040"><subfield code="a">IFIN-HH</subfield></datafield><datafield ind1=" " ind2=" " tag="041"><subfield code="a">rus</subfield></datafield><datafield ind1=" " ind2=" " tag="080"><subfield code="a">532.5</subfield></datafield><datafield ind1="1" ind2=" " tag="100"><subfield code="a">Landau, L. D</subfield></datafield><datafield ind1="1" ind2="0" tag="245"><subfield code="a">Mehanika splosnih sred</subfield><subfield code="c">L.D. Landau, E.M. Lifisit</subfield></datafield><datafield ind1=" " ind2=" " tag="260"><subfield code="a">Moskva</subfield><subfield code="b">Tehniko-teoreticeskoi literaturi</subfield><subfield code="c">1953</subfield></datafield><datafield ind1=" " ind2=" " tag="300"><subfield code="a">788 p</subfield></datafield><datafield ind1=" " ind2=" " tag="490"><subfield code="a">Teoreticeskaia fizika</subfield></datafield><datafield ind1="1" ind2=" " tag="700"><subfield code="a">Lifisit, E.M</subfield></datafield><datafield ind1=" " ind2=" " tag="852"><subfield code="a">76694</subfield><subfield code="c">532</subfield></datafield><datafield ind1=" " ind2=" " tag="CAT"><subfield code="a">Sys</subfield><subfield code="c">20100902</subfield><subfield code="h">103548</subfield></datafield></record></collection>